@Book{xie2015,
  title = {Dynamic Documents with {R} and knitr},
  author = {Yihui Xie},
  publisher = {Chapman and Hall/CRC},
  address = {Boca Raton, Florida},
  year = {2015},
  edition = {2nd},
  note = {ISBN 978-1498716963},
  url = {http://yihui.org/knitr/},
}

@article{urry2021,
	title = {Don{\textquoteright}t Ditch the Laptop Just Yet: A Direct Replication of Mueller and Oppenheimer{\textquoteright}s (2014) Study 1 Plus Mini Meta-Analyses Across Similar Studies},
	author = {{Urry}, {Heather L.} and {Crittle}, {Chelsea S.} and {Floerke}, {Victoria A.} and {Leonard}, {Michael Z.} and {Perry}, {Clinton S.} and {Akdilek}, {Naz} and {Albert}, {Erica R.} and {Block}, {Avram J.} and {Bollinger}, {Caroline Ackerley} and {Bowers}, {Emily M.} and {Brody}, {Renee S.} and {Burk}, {Kelly C.} and {Burnstein}, {Ally} and {Chan}, {Allissa K.} and {Chan}, {Petrina C.} and {Chang}, {Lena J.} and {Chen}, {Emily} and {Chiarawongse}, {Chakrapand Paul} and {Chin}, {Gregory} and {Chin}, {Kathy} and {Cooper}, {Ben G.} and {Corneilson}, {Katherine Adele} and {Danielson}, {Amanda M.} and {Davis}, {Elizabeth S.} and {Devis}, {Ycar} and {Dong}, {Melissa} and {Dossett}, {Elizabeth K.} and {Dulchin}, {Nick} and {Duong}, {Vincent N.} and {Ewing}, {Ben} and {Fuller}, {Julia Mansfield} and {Gartman}, {Thomas E.} and {Goldberg}, {Chad R.} and {Greenfield}, {Jesse} and {Groh}, {Selena} and {Hamilton}, {Ross A.} and {Hodge}, {Will} and {Van Hong}, {Dylan} and {Insler}, {Joshua E.} and {Jahan}, {Aava B.} and {Jimbo}, {Jessica Paola} and {Kahn}, {Emma M.} and {Knight}, {Daniel} and {Konstantin}, {Grace E.} and {Kornick}, {Caitlin} and {Kramer}, {Zachary J.} and {Lauz√©}, {Meghan S.} and {Linnehan}, {Misha S.} and {Lombardi}, {Tommaso} and {Long}, {Hayley} and {Lotstein}, {Alec J.} and {Lyncee}, {Myrna-Nahisha A.} and {Lyons}, {Monica Gabriella} and {Maayan}, {Eli} and {May}, {Nicole Marie} and {McCall}, {Elizabeth C.} and {Montgomery-Walsh}, {Rhea Ann Charlotte} and {Morscher}, {Michael C.} and {Moser}, {Amelia D.} and {Mueller}, {Alexandra S.} and {Mujica}, {Christin A.} and {Na}, {Elim} and {Newman}, {Isabelle R.} and {O{\textquoteright}Brien}, {Meghan K.} and {Ochoa Castillo}, {Katherine Alexandra} and {Onipede}, {Zaenab Ayotola} and {Pace}, {Danielle A.} and {Park}, {Jasper H.} and {Perdikari}, {Angeliki} and {Perloff}, {Catherine E.} and {Perry}, {Rachel C.} and {Pillai}, {Akash A.} and {Rajpal}, {Avni} and {Ranalli}, {Emma} and {Schreier}, {Jillian E.} and {Shangguan}, {Justin R.} and {Silver}, {Micaela Jen} and {Spratt}, {Avery Glennon} and {Stein}, {Rachel E.} and {Steinhauer}, {Grant J.} and {Valera}, {Devon K.} and {Vervoordt}, {Samantha M.} and {Walton}, {Lena} and {Weinflash}, {Noah W.} and {Weinstock}, {Karen} and {Yuan}, {Jiaqi} and {Zarrella}, {Dominique T.} and {Zarrow}, {Jonah E.}},
	year = {2021},
	month = {02},
	date = {2021-02-04},
	journal = {Psychological Science},
	pages = {0956797620965541},
	doi = {10.1177/0956797620965541},
	url = {https://doi.org/10.1177/0956797620965541},
	note = {Publisher: SAGE Publications Inc},
	langid = {en}
}

@book{kline2015,
	title = {Principles and practice of structural equation modeling},
	author = {{Kline}, {Rex B}},
	year = {2015},
	date = {2015},
	publisher = {Guilford Press},
	langid = {English}
}

@book{lee2013,
	title = {Bayesian cognitive modeling: a practical course},
	author = {{Lee}, {Michael D.} and {Wagenmakers}, {Eric-Jan}},
	year = {2013},
	date = {2013},
	publisher = {Cambridge University Press},
	address = {Cambridge},
	langid = {English}
}
